@book{barabasi,
  title={{The Structure and Dynamics of Networks: Princeton Studies in Complexity}},
  author={BARABÁSI, Albert-László and NEWMAN, Mark and WATTS, Duncan J.},
  year={2006},
  publisher={1. ed. Princeton University Press}
}

@book{boaventura,
  title={{Grafos - Teoria, Modelos, Algoritmos}},
  author={Boaventura Netto, P. O.},
  year={1996},
  publisher={2a edição, Editora Edgard Blücher Ltda}
}

@book{bookahuja,
  title={{Network flows: theory, algorithms, and applications}},
  author={AHUJA, R.K. and  Magnanti, Thomas L. and Orlin, James B.},
  year={1993},
  publisher={Prentice-Hall, Inc. Upper Saddle River, NJ}
}

@book{cormen,
  title={{Introduction to Algorithms}},
  author={CORMEN, Thomas H. and LEISERSON, Charles E. and RIVEST, Ronald L. and STEIN, Clifford},
  year={2001},
  publisher={Cambridge and NewYork: The MIT Press and McGraw-Hill Book Company, 2nd. Edition}
}

@book{goldbarg,
  title={{Grafos: Conceitos, algoritmos e aplicações}},
  author={GOLDBARG, Marco and GOLDBARG, Elizabeth},
  year={2012},
  publisher={1a Edição, Editora Elservier}
}

@book{ziviani,
  title={{Projeto de algoritmos com implementação em pascal e C}},
  author={Ziviani, N.},
  year={2004},
  publisher={2a Edição, Editora Pioneira Thomson Learning}
}

@book{negreirosbook,
  title={{Otimização em Grafos}},
  author={Negreiros, Marcos José and Maculan, Nelson},
  year={2014},
  publisher={(Não Publicado)}
}

@book{goodrich,
  title={{Estrutura de Dados e Algoritmos em JAVA}},
  author={GOODRICH, Michael T. and TAMASSIA, Roberto},
  year={2007},
  publisher={(4a Edição, Editora Bookman)}
}

@book{douglas,
  title={{JavaScript: The Good Parts}},
  author={CROCKFORD, Douglas},
  year={2008},
  publisher={(O'Reilly Media)}
}

@article{giacomo,
  title={{Shortest paths on dynamic graphs}},
  author={NANNICINI, G. and LIBERTI, L.},
  pages={551-563},
  volume={15},
  number={5},
  journal={International Transactions in Operational Research},
  year={2008}
}

@article{harary,
  title={{Dynamic Graph Models}},
  author={HARARY, F. and GUPTA, G},
  pages={79-87},
  volume={25},
  number={7},
  journal={Mathl. Comput. Modelling},
  year={1997}
}

@article{kim,
  title={{Temporal node centrality in complex networks}},
  author={KIM, Hyoungshick and ANDERSON, Ross},
  pages={8},
  publisher={1 ed. PHYSICAL REVIEW},
  year={2012}
}

@article{dynagraph2012,
  title={{DYNAGRAPH: Um Modelo de Edição e Representação de Grafos Dinâmicos}},
  author={CALIXTO, Anderson and NEGREIROS, Marcos},
  pages={8},
  publisher={1 ed. CLAIO/SBPO},
  year={2012}
}

@article{ahuja,
  title={{Faster algorithms for the shortest path problem}},
  author={AHUJA, R.K. and Mehlhorn, Kurt and Orlin, James B. and Tarjan, Robert E.},
  journal={Journal of the Association for Computing Machinery},
  volume={37},
  number={2},
  pages={213--223},
  year={1990}
}

@article{kostakos,
  title={{Temporal graphs}},
  author={KOSTAKOS, Vassilis},
  journal={Physica A},
  year={2009},
  pages={1007--1023}
}

@article{peer,
  title={{Finding the shortest path in stochastic networks}},
  author={PEER, S.K. and SHARMA, D.K.},
  journal={Computers \& Mathematics with Applications},
  volume={53},
  number={5},
  pages={729--740},
  year={2007}
}

@mastersthesis{leonard,
  title={{Uma Metodologia para Previsão On-line de Tempos de Viagem e Rotas Ótimas em Redes Viárias Urbanas}},
  author={Leonard, Augusto C.S.},
  year={2013},
  school={Mestrado Acadêmico em Ciência da Computa\c{c}\~ao (MACC), Universidade Estadual do Ceará}
}

@mastersthesis{dynagraph,
  title={{DYNAGRAPH: Um Modelo de Edição e Representação de Grafos Dinâmicos}},
  author={CALIXTO, Anderson and NEGREIROS, Marcos},
  year={2013},
  school={Mestrado Acadêmico em Ciência da Computa\c{c}\~ao (MACC), Universidade Estadual do Ceará}
}

@conference{cunha,
  title={{Análise Comparativa de Algoritmos Eficientes para o Problema de Caminho Mínimo}},
  author={ATZINGEN, J. V. and CUNHA, C. B. and NAKAMOTO, F. Y. and RIBEIRO, F. R. and SCHARDONG, A.},
  booktitle={XXI ANPET: Congresso de Pesquisa e Ensino em Transportes, Panorama Nacional da Pesquisa em Transportes. Associação Nacional de Ensino e Pesquisa em Transportes},
  pages={1--12},
  publisher={Rio de Janeiro, Brasil},
  year={2007}
}

@conference{gephi,
  title={{Gephi: An Open Source Software for Exploring and Manipulating Networks}},
  author={BASTIAN, Mathieu and HEYMANN, Sebastien and JACOMY, Mathieu},
  booktitle={Internacional AAAI Conference on Weblogs and Social Media},
  year={2009},
  publisher={São José, Califórnia, Estados Unidos},
}

@PHDTHESIS{negreiros,
  title={{Contribuições para otimização em grafos e problemas de percurso de Veículos: Sistema SisGRAFO}},
  author={Negreiros, Marcos José},
  year={1996},
  school={COPPE/UFRJ - Eng Sistemas - DSc Thesis}
}

@PHDTHESIS{zpr98-319,
	AUTHOR		= {Stefan Krauß},
	INSTITUTION	= {Mathematisches Institut, Universit\"at zu K\"oln},
	SCHOOL		= {Mathematisches Institut, Universit\"at zu K\"oln},
	TITLE		= {Microscopic Modeling of Traffic Flow: Investigation of Collision Free Vehicle Dynamics},
	KEYWORDS	= {highway traffic, interacting random processes, statistical mechanics type modells, statistical processes; 60K30, 60K35, 90B20},
	PAGES		= {116},
	NUMBER		= {319},
	YEAR		= {1998}
}